@book{reichardt2019quasi,
  title={Quasi-experimentation: A guide to design and analysis},
  author={Reichardt, Charles S},
  year={2019},
  publisher={Guilford Publications}
}

@book{herzog2019understanding,
  title={Understanding statistics and experimental design: how to not lie with statistics},
  author={Herzog, Michael H and Francis, Gregory and Clarke, Aaron},
  year={2019},
  publisher={Springer Nature}
}

@Manual{R2023,
  title = {R: A Language and Environment for Statistical Computing},
  author = {{R Core Team}},
  organization = {R Foundation for Statistical Computing},
  address = {Vienna, Austria},
  year = {2023},
  url = {https://www.R-project.org/},
}

@article{wickham2019welcome,
  title={Welcome to the Tidyverse},
  author={Wickham, Hadley and Averick, Mara and Bryan, Jennifer and Chang, Winston and McGowan, Lucy D'Agostino and Fran{\c{c}}ois, Romain and Grolemund, Garrett and Hayes, Alex and Henry, Lionel and Hester, Jim and others},
  journal={Journal of open source software},
  volume={4},
  number={43},
  pages={1686},
  year={2019}
}

@book{wickham2023r,
  title={R for data science},
  author={Wickham, Hadley and {\c{C}}etinkaya-Rundel, Mine and Grolemund, Garrett},
  year={2023},
  publisher={" O'Reilly Media, Inc."}
}
